@book{pricing,
    title={Современное ценообразование: учебное пособие},
    author={Лазурин Е.А., Неклюдов В.А., С.А. Сироткин},
    publisher= {Ярославль: ООО «ПКФ «СОЮЗ-ПРЕСС»},
    year={2020},
    pages={76}
}

@misc{db,
	title="Что такое база данных | Oracle Россия и СНГ [Электронный ресурс]",
	howpublished="Режим доступа: \url{https://www.oracle.com/ru/database/what-is-database/} (дата обращения: 24.03.2023)"
}

@misc{rel,
	title="Что такое реляционная база данных | Oracle СНГ [Электронный ресурс]",
	howpublished="Режим доступа: \url{https://www.oracle.com/cis/database/what-is-a-relational-database/} (дата обращения: 24.03.2023)"
}


@book{before,
    title={Базы данных: модели данных, проектирование, язык SQL: учебное пособие},
    author={Т.И. Сергеева},
    publisher= {Воронеж: ФГБОУ ВПО <<Воронежский государственный технический университет>>},
    year={2012},
    pages={233}
}

@book{after,
    title={Системы графовых баз данных. Neo4j : учебное пособие для вузов},
    author={А.В. Маркин},
    publisher= {Москва : Издательство Юрайт},
    year={2021},
    pages={178}
}

@misc{postgresql,
	title="PostgreSQL: вчера, сегодня, завтра [Электронный ресурс]",
	howpublished="Режим доступа: \url{https://postgrespro.ru/blog/media/17768} (дата обращения: 25.03.2023)"
}

@misc{mariadb,
	title="Система управления реляционными базами данных MariaDB [Электронный ресурс]",
	howpublished="Режим доступа: \url{https://web-creator.ru/articles/mariadb} (дата обращения: 25.03.2023)"
}

@misc{clickhouse,
	title="Отличительные возможности ClickHouse | ClickHouse Docs [Электронный ресурс]",
	howpublished="Режим доступа: \url{https://clickhouse.com/docs/ru/introduction/distinctive-features} (дата обращения: 25.03.2023)"
}

@misc{pl,
	title="Документация по C\# [Электронный ресурс]",
	howpublished="Режим доступа: \url{https://docs.microsoft.com/ru-ru/dotnet/csharp/} (дата обращения: 29.04.2022)"
}

@misc{core,
	title="Entity Framework Core [Электронный ресурс]",
	howpublished="Режим доступа: \url{https://docs.microsoft.com/en-us/ef/core/} (дата обращения: 29.04.2022)"
}

@misc{vs,
	title="Visual Studio [Электронный ресурс]",
	howpublished="Режим доступа: \url{https://visualstudio.microsoft.com/ru/} (дата обращения: 29.04.2022)"
}

@misc{blazor,
	title="ASP.NET Core Blazor [Электронный ресурс]",
	howpublished="Режим доступа: \url{https://docs.microsoft.com/ru-ru/aspnet/core/blazor/?view=aspnetcore-6.0} (дата обращения: 29.04.2022)"
}
